@article{hiemstra2010mapreduce,
  title={MapReduce for information retrieval evaluation:"Let's quickly test this on 12 TB of data"},
  author={Hiemstra, D. and Hauff, C.},
  journal={Multilingual and Multimodal Information Access Evaluation},
  pages={64--69},
  year={2010},
  publisher={Springer}
}

@article{muhleisen2012web,
  title={Web Data Commons Extracting Structured Data from Two Large Web Corpora},
  author={M{\"u}hleisen, H. and Bizer, C.},
  journal={Invited paper at the 5th Linked Data on the Web},
  year={2012}
}

@inproceedings{nikiforakis2012libraries,
        author={Nikiforakis,N. and Invernizzi,L. and Kapravelos,A. and Van Acker,S. and Joosen,W. and Kruegel,C. and Piessens,F. and Vigna,G.},
        editor={ },
        year={2012},
        title={You are what you include: Large-scale evaluation of remote JavaScript inclusions},
        booktitle={Proceedings of the ACM Conference on Computer and Communications Security},
        pages={736-747}
}

@inproceedings{bojkovic2011cdn,
	author={Bojkovic,Z. and Milicevic,Z.},
	editor={ },
	year={2011},
	
	booktitle={Recent Researches in Artificial Intelligence, Knowledge Engineering and Data Bases - 10th WSEAS International Conference on Artificial Intelligence, Knowledge Engineering and Data Bases, AIKED'11},
	pages={128-133}
}